@misc{website:go-lang-documentation,
    author = "Google",
    title = "Effective Go",
    url = "https://golang.org/doc/effective_go.html#concurrency"
}

@misc{website:go-lang-spec,
    author = "Google",
    title = "The Go Programming Language Specification",
    url = "https://golang.org/ref/spec"
}

@misc{video:go-concurr-patterns,
    author = "Rob Pike",
    title = "Go Concurrency Patters",
    url = "https://www.youtube.com/watch?v=f6kdp27TYZs"
}

@inproceedings{prell:hal-00718924,
    TITLE = {{Go's Concurrency Constructs on the SCC}},
    AUTHOR = {Prell, Andreas and Rauber, Thomas},
    URL = {https://hal.archives-ouvertes.fr/hal-00718924},
    BOOKTITLE = {{The 6th Many-core Applications Research Community (MARC) Symposium}},
    ADDRESS = {Toulouse, France},
    EDITOR = {Eric Noulard and Simon Vernhes},
    PUBLISHER = {{ONERA, The French Aerospace Lab}},
    PAGES = {2-6},
    YEAR = {2012},
    MONTH = Jul,
    KEYWORDS = {Many-Core ; Intel SCC ; Concurrent programming ; Goroutines ; Channels ; Parallel Genetic Algorithm},
    PDF = {https://hal.archives-ouvertes.fr/hal-00718924/file/MARC6_Gos-Concurrency-Constructs-on-the-SCC.pdf},
    HAL_ID = {hal-00718924},
    HAL_VERSION = {v1},
}

%%%%%%%%%%%%%%%%%%%%%%%%%%%%%%%%%%%%%%%%%%%%%%%%%%%%%%%%%%%%%%%%%%%%%%%%%%%%%%%%%
%                                                                               %
%               Sources from different computer scientist books                 %
%                                                                               %
%%%%%%%%%%%%%%%%%%%%%%%%%%%%%%%%%%%%%%%%%%%%%%%%%%%%%%%%%%%%%%%%%%%%%%%%%%%%%%%%%


@book{ClojureProgramming_Book_EmerickCarperGrand, place={Beijing}, title={Clojure: programming}, publisher={O'Reilly}, author={Emerick, Chas and Carper, Brian and Grand, Christophe}, year={2012}}

@book{TheJoyOfClojure_Book_FogusHouser, place={Greenwich, CT}, title={The joy of Clojure}, publisher={Manning}, author={Fogus, Michael and Houser, Chris}, year={2014}}

@book{PracticalCommonLisp_Book_PeterSeibel, title={Practical Common Lisp},         url={http://www.gigamonkeys.com/book/}, publisher={Apress}, author={Seibel, Peter}, year={2014}}

@book{ClojureForTheBraveAndTrue_Book_Higginbotham, edition={1}, title={Clojure for the Brave and True: Learn the Ultimate Language and Become a Better Programmer}, publisher={No Starch Press}, author={Higginbotham, Daniel}, year={2015}}

%%%%%%%%%%%%%%%%%%%%%%%%%%%%%%%%%%%%%%%%%%%%%%%%%%%%%%%%%%%%%%%%%%%%%%%%%%%%%%%%%
%                                                                               %
%       Sources from different computer scientist websites and blogs            %
%                                                                               %
%%%%%%%%%%%%%%%%%%%%%%%%%%%%%%%%%%%%%%%%%%%%%%%%%%%%%%%%%%%%%%%%%%%%%%%%%%%%%%%%%

@misc{ClojuresSecretWeapon_Website_AdamBard, title={Live development is the way of the future}, url={https://adambard.com/blog/fireplace-dot-vim-clojures-secret-weapon/}, journal={Adam Bard Makes Websites}, author={Bard, Adam}, year={2013}, month={Jul}}

@misc{UnderstandingClojureConcurrency_Website_BlakeSmith, title={Understanding Clojure Concurrency, Parts 1 & 2}, url={http://blakesmith.me/2012/05/15/understanding-clojure-concurrency-part-1.html}, journal={Blake Smith: Create. Code. Learn.}, author={Smith, Blake}, year={2012}, month={May}}

@misc{ClojureHistory_GitHub_Website, title={Clojure Version History}, url={https://jafingerhut.github.io/clojure-benchmarks-results/Clojure-version-history.html}, journal={Clojure version history}, author={Fingerhut, Andy}}

@misc{ClojureFourConcurrencyModels_Website_Galpin, title={Clojure and Concurrency: Learn about Clojure's four concurrency models}, url={https://www.ibm.com/developerworks/library/wa-clojure/}, journal={IBM DeveloperWorks}, publisher={IBM}, author={Galpin, Michael}, year={2010}, month={Sep}}

@misc{ClojureConcurrency_Video_RickHickey, title={YouTube}, url={https://www.youtube.com/watch?v=dGVqrGmwOAw}, journal={YouTube}, publisher={ClojureTV}, author={Fumo , Shawn }, year={2012}, month={Dec}}

@misc{ClojureConcurrencySupport_Slides_Hickey, title={A Dynamic Programming Language for the JVM}, publisher={Clojure}, author={Hickey, Rich}, year={2013}, month={Oct}}

%%%%%%%%%%%%%%%%%%%%%%%%%%%%%%%%%%%%%%%%%%%%%%%%%%%%%%%%%%%%%%%%%%%%%%%%%%%%%%%%%
%                                                                               %
%               Sources directly from the Clojure Website                       %
%                                                                               %
%%%%%%%%%%%%%%%%%%%%%%%%%%%%%%%%%%%%%%%%%%%%%%%%%%%%%%%%%%%%%%%%%%%%%%%%%%%%%%%%%

@misc{clojure_website:reference,
    author = "Clojure",
    title = "Reference: The Clojure Programming Language",
    url = "https://clojure.org/reference",
    note = {Accessed: 2017-03-21}
}

@misc{clojure_website:rationale,
    author = "Clojure",
    title = "Rationale",
    url = "https://clojure.org/about/rationale",
    note = {Accessed: 2017-31-03}
}

@misc{clojure_website:functional-programming,
    author = "Clojure",
    title = "Functional Programming",
    url = "https://clojure.org/about/functional_programming",
    note = {Accessed: 2017-4-20}
}

@misc{clojure_website:concurrency,
    author = "Clojure",
    title = "Values and Change: Clojure’s approach to Identity and State",
    url = "https://clojure.org/about/state#_concurrency",
    note = {Accessed: 2017-03-21}
}

@misc{clojure_website:lisp,
    author = "Clojure",
    title = "Clojure as a Dialect of Lisp",
    url = "https://clojure.org/about/lisp",
    note = {Accessed: 2017-03-21}
}

@misc{ClojureDocumentation_pmap, title={pmap}, url={https://clojuredocs.org/clojure.core/pmap}, journal={pmap - clojure.core}, publisher={ ClojureDocs - Community-Powered Clojure Documentation and Examples}, author={Hickey, Rich}}

%%%%%%%%%%%%%%%%%%%%%%%%%%%%%%%%%%%%%%%%%%%%%%%%%%%%%%%%%%%%%%%%%%%%%%%%%%%%%%%%%
%                                                                               %
%                       Academic and Scholarly Sources                          %
%                                                                               %
%%%%%%%%%%%%%%%%%%%%%%%%%%%%%%%%%%%%%%%%%%%%%%%%%%%%%%%%%%%%%%%%%%%%%%%%%%%%%%%%%

@misc{MUTS_SoftwareTransactionalMemory_JournalArticle_Goodman,
    author = {Daniel Goodman and Behram Khan and Salman Khan and Chris Kirkham and Mikel Luján and Ian Watson},
    title = {MUTS: Native Scala Constructs for Software Transactional Memory},
    year = {}
}

@inproceedings{Extending_STM_JournalArticle_Jensen,
 author = {Jensen, S{\o}ren Kejser and Thomsen, Lone Leth},
 title = {Extending Software Transactional Memory in Clojure with Side-Effects and Transaction Control},
 booktitle = {Proceedings of the 9th European Lisp Symposium on European Lisp Symposium},
 series = {ELS2016},
 year = {2016},
 isbn = {978-2-9557474-0-7},
 location = {Krak\&\#243;w, Poland},
 pages = {8:64--8:71},
 articleno = {8},
 numpages = {8},
 url = {http://dl.acm.org/citation.cfm?id=3005729.3005737},
 acmid = {3005737},
 publisher = {European Lisp Scientific Activities Association},
 keywords = {Clojure, MVCC, STM, Side-Effects, Transaction Control},
}

@inproceedings{JVMHostedLanguages_DependencyOnJava_JournalArticle_Li,
 author = {Li, Wing Hang and White, David R. and Singer, Jeremy},
 title = {JVM-hosted Languages: They Talk the Talk, but Do They Walk the Walk?},
 booktitle = {Proceedings of the 2013 International Conference on Principles and Practices of Programming on the Java Platform: Virtual Machines, Languages, and Tools},
 series = {PPPJ '13},
 year = {2013},
 isbn = {978-1-4503-2111-2},
 location = {Stuttgart, Germany},
 pages = {101--112},
 numpages = {12},
 url = {http://doi.acm.org/10.1145/2500828.2500838},
 doi = {10.1145/2500828.2500838},
 acmid = {2500838},
 publisher = {ACM},
 address = {New York, NY, USA},
 keywords = {JVM bytecode, Java virtual machine, dynamic analysis},
}

@inproceedings{DynamicJVMLanguages_JournalArticle_Sarimbekov,
 author = {Sarimbekov, Aibek and Podzimek, Andrej and Bulej, Lubomir and Zheng, Yudi and Ricci, Nathan and Binder, Walter},
 title = {Characteristics of Dynamic JVM Languages},
 booktitle = {Proceedings of the 7th ACM Workshop on Virtual Machines and Intermediate Languages},
 series = {VMIL '13},
 year = {2013},
 isbn = {978-1-4503-2601-8},
 location = {Indianapolis, Indiana, USA},
 pages = {11--20},
 numpages = {10},
 url = {http://doi.acm.org/10.1145/2542142.2542144},
 doi = {10.1145/2542142.2542144},
 acmid = {2542144},
 publisher = {ACM},
 address = {New York, NY, USA},
 keywords = {clojure, dynamic metrics, java, jruby, jython, workload characterization},
} 

@inproceedings{MultiCoreParallelizationClojure_JournalArticle_Kraus,
    author = {Kraus, Johann M. and Kestler, Hans A.},
    title = {Multi-core Parallelization in Clojure: A Case Study},
    booktitle = {Proceedings of the 6th European Lisp Workshop},
    series = {ELW '09},
    year = {2009},
    isbn = {978-1-60558-539-0},
    location = {Genova, Italy},
    pages = {8--17},
    numpages = {10},
    url = {http://doi.acm.org/10.1145/1562868.1562870},
    doi = {10.1145/1562868.1562870},
    acmid = {1562870},
    publisher = {ACM},
    address = {New York, NY, USA},
    keywords = {ACM proceedings, Lisp, clustering, parallel programming},
}

@inproceedings{Clojure_ModularProgrammingFunctionalAbstract_JournalArticle_Dhiman,
 author = {Dhiman, Karan and Mai, Maxim and Soni, Jay and Lam, Kyle and Han, Sang-Ah},
 title = {Clojure: Modular Programming with Functional, Concurrent Language on the JVM},
 booktitle = {Proceedings of the 2013 Conference of the Center for Advanced Studies on Collaborative Research},
 series = {CASCON '13},
 year = {2013},
 location = {Ontario, Canada},
 pages = {370--371},
 numpages = {2},
 url = {http://dl.acm.org/citation.cfm?id=2555523.2555573},
 acmid = {2555573},
 publisher = {IBM Corp.},
 address = {Riverton, NJ, USA},
}

%%%%%%%%%%%%%%%%%%%%%%%%%%%%%%%%%%%%%%%%%%%%%%%%%%%%%%%%%%%%%%%%%%%%%%%%%%%%%%%%%
%%%%%%%%%%%%%%%%%%%%%%%%%%%%%%%%%%%%%%%%%%%%%%%%%%%%%%%%%%%%%%%%%%%%%%%%%%%%%%%%%
%%%%%%%%%%%%%%%%%%%%%%%%%%%%%%%%%%%%%%%%%%%%%%%%%%%%%%%%%%%%%%%%%%%%%%%%%%%%%%%%%
